% Encoding: UTF-8

@Article{Jung2016,
  author  = {Jung, Timothy and tom Dieck, M Claudia and Lee, Hyunae and Chung, Namho},
  title   = {Effects of Virtual Reality and Augmented Reality on Visitor Experiences in Museum},
  journal = {Information and Communication Technologies in Tourism},
  year    = {2016},
  url     = {http://www.academia.edu/download/42292467/Effects_of_Virtual_Reality_and_Augmented_Reality_on_Visitor_Experiences_in_Museum_fin-Athors_copy.pdf},
}

@Article{Dibbern2018,
  author = {Dibbern, Christian and Uhr, Manuela and Krupke, Dennis and Steinicke, Frank},
  title  = {Can WebVR further the adoption of Virtual Reality?},
  year   = {2018},
  url    = {https://basilic.informatik.uni-hamburg.de/Publications/2018/DUKS18/Beitrag_249_final__a.pdf},
}

@Article{Wilson2014,
  author = {Wilson, Christopher J. and Soranzo, Alessandro},
  title  = {The Use of Virtual Reality in Psychology: A Case Study in Visual Perception},
  year   = {2014},
  url    = {https://www.hindawi.com/journals/cmmm/aa/151702/},
}

@Article{Kersten2017,
  author = {Kersten, T. P. and Tschirschwitz, F. and Deggim, S.},
  title  = {Development of a virtual museum including a 4D presentation of building history in virtual reality},
  year   = {2017},
  url    = {https://www.researchgate.net/profile/thomas_kersten/publication/313963055_development_of_a_virtual_museum_including_a_4d_presentation_of_building_history_in_virtual_reality/links/58b2d60345851503be9dd5e8/development-of-a-virtual-museum-including-a-4d-presentation-of-building-history-in-virtual-reality.pdf},
}

@Article{Hilfert2016,
  author  = {Hilfert, Thomas and KÃ¶nig, Markus},
  title   = {Low-cost virtual reality environment for engineering and construction},
  journal = {Visualisation in Engineering},
  year    = {2016},
  url     = {https://link.springer.com/article/10.1186/s40327-015-0031-5},
}

@Article{Davies2018,
  author = {Davies, Andrew G},
  title  = {Can virtual reality really be used within the lecture theatre?},
  year   = {2018},
  url    = {http://eprints.whiterose.ac.uk/130256/3/VR%20paper_Revised_OpenVersion.pdf},
}

@Comment{jabref-meta: databaseType:bibtex;}
